<record><leader>00000cas a2200000 a 4500</leader><controlfield tag="001">17795901</controlfield><controlfield tag="008">880415d18711890tnudr ne      0    0eng d</controlfield><datafield ind1=" " ind2=" " tag="010"><subfield code="a">sn 88061068 </subfield></datafield><datafield ind1=" " ind2=" " tag="040"><subfield code="a">KNP</subfield><subfield code="b">eng</subfield><subfield code="c">KNP</subfield><subfield code="d">TGN</subfield><subfield code="d">OCL</subfield><subfield code="d">OCLCQ</subfield><subfield code="d">OCLCF</subfield><subfield code="d">DLC</subfield><subfield code="d">OCLCO</subfield></datafield><datafield ind1=" " ind2=" " tag="042"><subfield code="a">msc</subfield></datafield><datafield ind1=" " ind2=" " tag="043"><subfield code="a">n-us-tn</subfield></datafield><datafield ind1="0" ind2="0" tag="245"><subfield code="a">Clarksville daily tobacco leaf.</subfield></datafield><datafield ind1=" " ind2=" " tag="260"><subfield code="a">Clarksville, Tenn. :</subfield><subfield code="b">Ingram &amp; Doak,</subfield><subfield code="c">1871-</subfield></datafield><datafield ind1=" " ind2=" " tag="300"><subfield code="a">v. :</subfield><subfield code="b">ill.</subfield></datafield><datafield ind1=" " ind2=" " tag="310"><subfield code="a">Daily</subfield></datafield><datafield ind1="0" ind2=" " tag="362"><subfield code="a">Vol. 1, no. 1 (Oct. 19, 1871)-</subfield></datafield><datafield ind1="1" ind2=" " tag="362"><subfield code="a">Ceased in 1890.</subfield></datafield><datafield ind1=" " ind2=" " tag="580"><subfield code="a">Merged with: Clarksville evening chronicle, to form: Clarksville evening tobacco leaf-chronicle.</subfield></datafield><datafield ind1=" " ind2=" " tag="580"><subfield code="a">Weekly edition: Clarksville tobacco leaf, 1869-1879.</subfield></datafield><datafield ind1=" " ind2=" " tag="580"><subfield code="a">Semiweekly edition: Clarksville semi-weekly tobacco leaf, 1879-1890.</subfield></datafield><datafield ind1=" " ind2="0" tag="651"><subfield code="a">Clarksville (Tenn.)</subfield><subfield code="v">Newspapers.</subfield></datafield><datafield ind1=" " ind2="0" tag="651"><subfield code="a">Montgomery County (Tenn.)</subfield><subfield code="v">Newspapers.</subfield></datafield><datafield ind1=" " ind2="7" tag="651"><subfield code="a">Tennessee</subfield><subfield code="z">Clarksville.</subfield><subfield code="2">fast</subfield><subfield code="0">(OCoLC)fst01216907</subfield></datafield><datafield ind1=" " ind2="7" tag="651"><subfield code="a">Tennessee</subfield><subfield code="z">Montgomery County.</subfield><subfield code="2">fast</subfield><subfield code="0">(OCoLC)fst01209636</subfield></datafield><datafield ind1=" " ind2="7" tag="655"><subfield code="a">Newspapers.</subfield><subfield code="2">fast</subfield><subfield code="0">(OCoLC)fst01423814</subfield></datafield><datafield ind1=" " ind2=" " tag="752"><subfield code="a">United States</subfield><subfield code="b">Tennessee</subfield><subfield code="c">Montgomery</subfield><subfield code="d">Clarksville.</subfield></datafield><datafield ind1="1" ind2=" " tag="775"><subfield code="t">Clarksville tobacco leaf</subfield><subfield code="w">(DLC)sn 85033370</subfield></datafield><datafield ind1="1" ind2=" " tag="775"><subfield code="t">Clarksville semi-weekly tobacco leaf</subfield><subfield code="w">(DLC)sn 88061078</subfield></datafield><datafield ind1="1" ind2="7" tag="785"><subfield code="t">Clarksville evening chronicle</subfield><subfield code="x">2376-5402</subfield><subfield code="w">(DLC)sn 88061070</subfield><subfield code="w">(OCoLC)17796114</subfield></datafield><datafield ind1="1" ind2="7" tag="785"><subfield code="t">Clarksville evening tobacco leaf-chronicle</subfield><subfield code="x">2376-5445</subfield><subfield code="w">(DLC)sn 88061071</subfield><subfield code="w">(OCoLC)17796614</subfield></datafield></record>